03300000        203825331800015730030000055747655747655055651000251     NEON IMOVEIS E ADM LTDA       Banco Santander                         102062026      004766040                                                                          
03300011R01  030 2038253318000157                    300300000557476     WOH INSTITUICAO DE PAGAMENTO                                                                                  0000476602062026                                         
0330001300001P 040001000000040140000004014  0000337414416512  0000003374144161006202600000000005957700000 17N2905202630000000000000000000000000000000000000000000000000000000000000000000000000950000033741441              000103000           
0330001300002Q 041000030230213847EVERTON RODRIGO BELI                    RUA JORGE BERETTA, 282                  PARQUE ERASMO A09271400Santo Andre SP SP2055055651000251ADM. IMOVEIS NEON SANTO ANDRE           000000000000                   
0330001300003R 04000000000000000000000000000000000000000000000000200000000000000000000200                                                                                                                                                       
03300015         000005                                                                                                                                                                                                                         
03399999         000001000007                                                                                                                                                                                                                   
