03300000        203825331800015730030000055747655747655055651000251     NEON IMOVEIS E ADM LTDA       Banco Santander                         102062026      004765040                                                                          
03300011R01  030 2038253318000157                    300300000557476     WOH INSTITUICAO DE PAGAMENTO                                                                                  0000476502062026                                         
0330001300001P 060001000000040140000004014  0000337335540512  0000003373355401006202600000000000808400000 17N1505202630000000000000000000000000000000000000000000000000000000000000000000000000000000033733554              000103000           
0330001300002Q 062030901931000121GAB                                     AVENIDA GAGO COUTINHO, 380              VILA PALMARES  09061500Santo Andre SP SP2055055651000251ADM. IMOVEIS NEON SANTO ANDRE           000000000000                   
0330001300003R 06000000000000000000000000000000000000000000000000200000000000000000000200                                                                                                                                                       
03300015         000005                                                                                                                                                                                                                         
03399999         000001000007                                                                                                                                                                                                                   
