03300000        203825331800015730030000055747655747655055651000251     NEON IMOVEIS E ADM LTDA       Banco Santander                         102062026      004764040                                                                          
03300011R01  030 2038253318000157                    300300000557476     WOH INSTITUICAO DE PAGAMENTO                                                                                  0000476402062026                                         
0330001300001P 060001000000040140000004014  0000337334552512  0000003373345521006202600000000000808400000 17N1505202630000000000000000000000000000000000000000000000000000000000000000000000000000000033733455              000103000           
0330001300002Q 062030901931000121GAB                                     AVENIDA GAGO COUTINHO, 380              VILA PALMARES  09061500Santo Andre SP SP2055055651000251ADM. IMOVEIS NEON SANTO ANDRE           000000000000                   
0330001300003R 06000000000000000000000000000000000000000000000000200000000000000000000200                                                                                                                                                       
0330001300004P 060001000000040140000004014  0000337334650512  0000003373346501006202600000000001471400000 17N1505202630000000000000000000000000000000000000000000000000000000000000000000000000000000033733465              000103000           
0330001300005Q 062030901931000121GAB                                     AVENIDA GAGO COUTINHO, 380              VILA PALMARES  09061500Santo Andre SP SP2055055651000251ADM. IMOVEIS NEON SANTO ANDRE           000000000000                   
0330001300006R 06000000000000000000000000000000000000000000000000200000000000000000000200                                                                                                                                                       
0330001300007P 060001000000040140000004014  0000337334897512  0000003373348971006202600000000000808400000 17N1505202630000000000000000000000000000000000000000000000000000000000000000000000000000000033733489              000103000           
0330001300008Q 062030901931000121GAB                                     AVENIDA GAGO COUTINHO, 380              VILA PALMARES  09061500Santo Andre SP SP2055055651000251ADM. IMOVEIS NEON SANTO ANDRE           000000000000                   
0330001300009R 06000000000000000000000000000000000000000000000000200000000000000000000200                                                                                                                                                       
0330001300010P 060001000000040140000004014  0000337334951512  0000003373349511006202600000000000808400000 17N1505202630000000000000000000000000000000000000000000000000000000000000000000000000000000033733495              000103000           
0330001300011Q 062030901931000121GAB                                     AVENIDA GAGO COUTINHO, 380              VILA PALMARES  09061500Santo Andre SP SP2055055651000251ADM. IMOVEIS NEON SANTO ANDRE           000000000000                   
0330001300012R 06000000000000000000000000000000000000000000000000200000000000000000000200                                                                                                                                                       
0330001300013P 060001000000040140000004014  0000337335036512  0000003373350361006202600000000000808400000 17N1505202630000000000000000000000000000000000000000000000000000000000000000000000000000000033733503              000103000           
0330001300014Q 062030901931000121GAB                                     AVENIDA GAGO COUTINHO, 380              VILA PALMARES  09061500Santo Andre SP SP2055055651000251ADM. IMOVEIS NEON SANTO ANDRE           000000000000                   
0330001300015R 06000000000000000000000000000000000000000000000000200000000000000000000200                                                                                                                                                       
0330001300016P 060001000000040140000004014  0000337335346512  0000003373353461006202600000000000808400000 17N1505202630000000000000000000000000000000000000000000000000000000000000000000000000000000033733534              000103000           
0330001300017Q 062030901931000121GAB                                     AVENIDA GAGO COUTINHO, 380              VILA PALMARES  09061500Santo Andre SP SP2055055651000251ADM. IMOVEIS NEON SANTO ANDRE           000000000000                   
0330001300018R 06000000000000000000000000000000000000000000000000200000000000000000000200                                                                                                                                                       
0330001300019P 060001000000040140000004014  0000337335362512  0000003373353621006202600000000000808400000 17N1505202630000000000000000000000000000000000000000000000000000000000000000000000000000000033733536              000103000           
0330001300020Q 062030901931000121GAB                                     AVENIDA GAGO COUTINHO, 380              VILA PALMARES  09061500Santo Andre SP SP2055055651000251ADM. IMOVEIS NEON SANTO ANDRE           000000000000                   
0330001300021R 06000000000000000000000000000000000000000000000000200000000000000000000200                                                                                                                                                       
0330001300022P 060001000000040140000004014  0000337335435512  0000003373354351006202600000000000808400000 17N1505202630000000000000000000000000000000000000000000000000000000000000000000000000000000033733543              000103000           
0330001300023Q 062030901931000121GAB                                     AVENIDA GAGO COUTINHO, 380              VILA PALMARES  09061500Santo Andre SP SP2055055651000251ADM. IMOVEIS NEON SANTO ANDRE           000000000000                   
0330001300024R 06000000000000000000000000000000000000000000000000200000000000000000000200                                                                                                                                                       
0330001300025P 060001000000040140000004014  0000337335443512  0000003373354431006202600000000000808400000 17N1505202630000000000000000000000000000000000000000000000000000000000000000000000000000000033733544              000103000           
0330001300026Q 062030901931000121GAB                                     AVENIDA GAGO COUTINHO, 380              VILA PALMARES  09061500Santo Andre SP SP2055055651000251ADM. IMOVEIS NEON SANTO ANDRE           000000000000                   
0330001300027R 06000000000000000000000000000000000000000000000000200000000000000000000200                                                                                                                                                       
0330001300028P 060001000000040140000004014  0000337335680512  0000003373356801006202600000000000808400000 17N1505202630000000000000000000000000000000000000000000000000000000000000000000000000000000033733568              000103000           
0330001300029Q 062030901931000121GAB                                     AVENIDA GAGO COUTINHO, 380              VILA PALMARES  09061500Santo Andre SP SP2055055651000251ADM. IMOVEIS NEON SANTO ANDRE           000000000000                   
0330001300030R 06000000000000000000000000000000000000000000000000200000000000000000000200                                                                                                                                                       
03300015         000032                                                                                                                                                                                                                         
03399999         000001000034                                                                                                                                                                                                                   
