03300000        203825331800015730030000055747655747655055651000251     NEON IMOVEIS E ADM LTDA       Banco Santander                         102062026      004763040                                                                          
03300011R01  030 2038253318000157                    300300000557476     ABC INSTITUICAO DE PAGAMENTO                                                                                  0000476302062026                                         
0330001300001P 060001000000040140000004014  0000337334498512  0000003373344981006202600000000000808400000 17N1505202630000000000000000000000000000000000000000000000000000000000000000000000000000000033733449              000103000           
0330001300002Q 062030901931000121GAB                                     AVENIDA GAGO COUTINHO,  89              VILA PALMARES  09061500Santo Andre SP SP2055055651000251ADM. IMOVEIS NEON SANTO ANDRE           000000000000                   
0330001300003R 06000000000000000000000000000000000000000000000000200000000000000000000200                                                                                                                                                       
0330001300004P 060001000000040140000004014  0000337334501512  0000003373345011006202600000000000808400000 17N1505202630000000000000000000000000000000000000000000000000000000000000000000000000000000033733450              000103000           
0330001300005Q 062030901931000121GAB                                     AVENIDA GAGO COUTINHO,  89              VILA PALMARES  09061500Santo Andre SP SP2055055651000251ADM. IMOVEIS NEON SANTO ANDRE           000000000000                   
0330001300006R 06000000000000000000000000000000000000000000000000200000000000000000000200                                                                                                                                                       
0330001300007P 060001000000040140000004014  0000337334510512  0000003373345101006202600000000000808400000 17N1505202630000000000000000000000000000000000000000000000000000000000000000000000000000000033733451              000103000           
0330001300008Q 062030901931000121GAB                                     AVENIDA GAGO COUTINHO,  89              VILA PALMARES  09061500Santo Andre SP SP2055055651000251ADM. IMOVEIS NEON SANTO ANDRE           000000000000                   
0330001300009R 06000000000000000000000000000000000000000000000000200000000000000000000200                                                                                                                                                       
0330001300010P 060001000000040140000004014  0000337334536512  0000003373345361006202600000000000808400000 17N1505202630000000000000000000000000000000000000000000000000000000000000000000000000000000033733453              000103000           
0330001300011Q 062030901931000121GAB                                     AVENIDA GAGO COUTINHO,  89              VILA PALMARES  09061500Santo Andre SP SP2055055651000251ADM. IMOVEIS NEON SANTO ANDRE           000000000000                   
0330001300012R 06000000000000000000000000000000000000000000000000200000000000000000000200                                                                                                                                                       
03300015         000014                                                                                                                                                                                                                         
03399999         000001000016                                                                                                                                                                                                                   
